@article{schulz2012,
  title={Deep learning: Layer-wise learning of feature hierarchies},
  author={Schulz, Hannes and Behnke, Sven},
  journal={KI-K{\"u}nstliche Intelligenz},
  volume={26},
  pages={357--363},
  year={2012},
  publisher={Springer}
}


@misc{webpage_example,
    author = "Author Name (if available)",
    title = "Title of the Webpage",
    year = "2024",
    url = "https://www.example.com",
    note = "[Online; accessed 10-June-2024]"
}


@misc{data_plot_example,
    author = "Reka Horvath",
    title = "Plot With pandas: Python Data Visualization for Beginners",
    year = "2024",
    url = "https://realpython.com/pandas-plot-python/",
    note = "[Online; accessed 10-June-2024]"
}


@misc{scardapane2024book,
      title={Alice's Adventures in a Differentiable Wonderland -- Volume I, A Tour of the Land}, 
      author={Simone Scardapane},
      year={2024},
      eprint={2404.17625},
      archivePrefix={arXiv},
      primaryClass={cs.LG}
}


@book{Gonzalez2006,
author = {Gonzalez, Rafael C. and Woods, Richard E.},
title = {Digital Image Processing (3rd Edition)},
year = {2006},
isbn = {013168728X},
publisher = {Prentice-Hall, Inc.},
address = {USA}
}
